@article{karamshuk2015factors,
  title={On Factors Affecting the Usage and Adoption of a Nation-wide TV Streaming Service},
  author={Karamshuk, Dmytro and Sastry, Nishanth and Secker, Andrew and Chandaria, Jigna},
  journal={arXiv preprint arXiv:1504.03542},
  year={2015}
}